<record><leader>00000cas a2200000 a 4500</leader><controlfield tag="001">31306472</controlfield><controlfield tag="008">941018d19751976iluwr ne      0   a0eng c</controlfield><datafield ind1=" " ind2=" " tag="010"><subfield code="a">sn 94060706 </subfield></datafield><datafield ind1=" " ind2=" " tag="040"><subfield code="a">NVF</subfield><subfield code="b">eng</subfield><subfield code="c">NVF</subfield><subfield code="d">CVF</subfield><subfield code="d">NVF</subfield><subfield code="d">OCLCQ</subfield><subfield code="d">OCLCF</subfield><subfield code="d">OCLCO</subfield><subfield code="d">NVF</subfield></datafield><datafield ind1=" " ind2=" " tag="042"><subfield code="a">pcc</subfield></datafield><datafield ind1=" " ind2=" " tag="043"><subfield code="a">n-us-il</subfield></datafield><datafield ind1="0" ind2="0" tag="245"><subfield code="a">Riverside citizen.</subfield></datafield><datafield ind1=" " ind2=" " tag="260"><subfield code="a">Countryside, Ill. :</subfield><subfield code="b">Life Print. and Pub. Co.,</subfield><subfield code="c">1975-1976.</subfield></datafield><datafield ind1=" " ind2=" " tag="300"><subfield code="a">v.</subfield></datafield><datafield ind1=" " ind2=" " tag="310"><subfield code="a">Weekly</subfield></datafield><datafield ind1="0" ind2=" " tag="362"><subfield code="a">Jan. 15, 1975-Mar. 17, 1976.</subfield></datafield><datafield ind1=" " ind2=" " tag="580"><subfield code="a">Merged with: Suburban life (La Grange, Ill. : Riverside ed.), to form: Suburban life/citizen (La Grange, Ill. : Riverside ed.).</subfield></datafield><datafield ind1=" " ind2="0" tag="651"><subfield code="a">Riverside (Ill.)</subfield><subfield code="v">Newspapers.</subfield></datafield><datafield ind1=" " ind2="0" tag="651"><subfield code="a">North Riverside (Ill.)</subfield><subfield code="v">Newspapers.</subfield></datafield><datafield ind1=" " ind2="7" tag="651"><subfield code="a">Illinois</subfield><subfield code="z">North Riverside.</subfield><subfield code="2">fast</subfield><subfield code="0">(OCoLC)fst01226722</subfield></datafield><datafield ind1=" " ind2="7" tag="651"><subfield code="a">Illinois</subfield><subfield code="z">Riverside.</subfield><subfield code="2">fast</subfield><subfield code="0">(OCoLC)fst01238599</subfield></datafield><datafield ind1=" " ind2="7" tag="655"><subfield code="a">Newspapers.</subfield><subfield code="2">fast</subfield><subfield code="0">(OCoLC)fst01423814</subfield></datafield><datafield ind1=" " ind2=" " tag="752"><subfield code="a">United States</subfield><subfield code="b">Illinois</subfield><subfield code="c">Cook County</subfield><subfield code="d">Countryside.</subfield></datafield><datafield ind1="0" ind2="0" tag="780"><subfield code="t">Citizen (La Grange, Ill. : Riverside ed.)</subfield><subfield code="w">(DLC)sn 94060705</subfield><subfield code="w">(OCoLC)31306445</subfield></datafield><datafield ind1="1" ind2="7" tag="785"><subfield code="t">Suburban life (La Grange, Ill. : Riverside ed.)</subfield><subfield code="w">(DLC)sn 94060707</subfield><subfield code="w">(OCoLC)31306496</subfield></datafield><datafield ind1="1" ind2="7" tag="785"><subfield code="t">Suburban life/citizen (La Grange, Ill. : Riverside ed.)</subfield><subfield code="w">(DLC)sn 94060708</subfield><subfield code="w">(OCoLC)31306545</subfield></datafield><datafield ind1="1" ind2=" " tag="029"><subfield code="a">AU@</subfield><subfield code="b">000011305889</subfield></datafield></record>